<record><leader>00000cas a2200000 a 4500</leader><controlfield tag="001">28153259</controlfield><controlfield tag="008">930524d19uu1930iludn ne      0   a0eng c</controlfield><datafield ind1=" " ind2=" " tag="010"><subfield code="a">sn 93055898 </subfield></datafield><datafield ind1=" " ind2=" " tag="040"><subfield code="a">NVF</subfield><subfield code="b">eng</subfield><subfield code="c">NVF</subfield><subfield code="d">OCLCQ</subfield><subfield code="d">CVF</subfield><subfield code="d">NVF</subfield><subfield code="d">OCLCQ</subfield><subfield code="d">NVF</subfield><subfield code="d">OCLCF</subfield><subfield code="d">DLC</subfield><subfield code="d">OCLCO</subfield></datafield><datafield ind1="1" ind2=" " tag="029"><subfield code="a">AU@</subfield><subfield code="b">000025849588</subfield></datafield><datafield ind1=" " ind2=" " tag="042"><subfield code="a">pcc</subfield></datafield><datafield ind1=" " ind2=" " tag="043"><subfield code="a">n-us-il</subfield></datafield><datafield ind1="0" ind2="4" tag="245"><subfield code="a">The Daily Mount Carroll mirror-Democrat.</subfield></datafield><datafield ind1="3" ind2=" " tag="246"><subfield code="a">Daily Mount Carroll mirror Democrat</subfield></datafield><datafield ind1=" " ind2=" " tag="260"><subfield code="a">Mount Carroll, Ill. :</subfield><subfield code="b">Mirror-Democrat Co.,</subfield><subfield code="c">[19--?]-1930.</subfield></datafield><datafield ind1=" " ind2=" " tag="300"><subfield code="a">v.</subfield></datafield><datafield ind1=" " ind2=" " tag="310"><subfield code="a">Daily (except Sunday)</subfield></datafield><datafield ind1="0" ind2=" " tag="362"><subfield code="a">-v. 12, no. 14 (Oct. 16, 1930).</subfield></datafield><datafield ind1=" " ind2=" " tag="580"><subfield code="a">Semiweekly ed.: Carroll County mirror-Democrat, &lt;&gt;-1930.</subfield></datafield><datafield ind1=" " ind2=" " tag="588"><subfield code="a">Description based on: Vol. 11, no. 176 (July 1, 1930).</subfield></datafield><datafield ind1=" " ind2="0" tag="651"><subfield code="a">Mount Carroll (Ill.)</subfield><subfield code="v">Newspapers.</subfield></datafield><datafield ind1=" " ind2="7" tag="651"><subfield code="a">Illinois</subfield><subfield code="z">Mount Carroll.</subfield><subfield code="2">fast</subfield><subfield code="0">(OCoLC)fst01237869</subfield></datafield><datafield ind1=" " ind2="7" tag="655"><subfield code="a">Newspapers.</subfield><subfield code="2">fast</subfield><subfield code="0">(OCoLC)fst01423814</subfield></datafield><datafield ind1="1" ind2=" " tag="775"><subfield code="t">Carroll County mirror-Democrat</subfield><subfield code="w">(DLC)sn 93055900</subfield><subfield code="w">(OCoLC)28153426</subfield></datafield><datafield ind1="0" ind2="0" tag="785"><subfield code="t">Daily mirror-Democrat</subfield><subfield code="w">(DLC)sn 93055899</subfield><subfield code="w">(OCoLC)28153306</subfield></datafield></record>